%% This BibTeX bibliography file was created using BibDesk.
%% https://bibdesk.sourceforge.io/

%% Created for Dung Do at 2019-05-27 17:43:41 -0400 


%% Saved with string encoding Unicode (UTF-8) 



@inproceedings{rocklin2015dask,
	Author = {Rocklin, Matthew},
	Date-Added = {2019-05-27 17:43:27 -0400},
	Date-Modified = {2019-05-27 17:43:27 -0400},
	Organization = {Citeseer},
	Title = {Dask: Parallel computation with blocked algorithms and task scheduling},
	Year = {2015}}

@article{mehta2017comparative,
	Author = {Mehta, Parmita and Dorkenwald, Sven and Zhao, Dongfang and Kaftan, Tomer and Cheung, Alvin and Balazinska, Magdalena and Rokem, Ariel and Connolly, Andrew and Vanderplas, Jacob and AlSayyad, Yusra},
	Date-Added = {2019-05-27 17:08:41 -0400},
	Date-Modified = {2019-05-27 17:08:41 -0400},
	Journal = {Proceedings of the VLDB Endowment},
	Number = {11},
	Pages = {1226--1237},
	Publisher = {VLDB Endowment},
	Title = {Comparative evaluation of big-data systems on scientific image analytics workloads},
	Volume = {10},
	Year = {2017}}

@article{hayot2018performance,
	Author = {Hayot-Sasson, Val{\'e}rie and Brown, Shawn T and Glatard, Tristan},
	Date-Added = {2019-05-27 17:07:49 -0400},
	Date-Modified = {2019-05-27 17:07:49 -0400},
	Journal = {arXiv preprint arXiv:1812.06492},
	Title = {Performance Evaluation of Big Data Processing Strategies for Neuroimaging},
	Year = {2018}}

@inproceedings{lebre2015adding,
	Author = {Lebre, Adrien and Legrand, Arnaud and Suter, Fr{\'e}d{\'e}ric and Veyre, Pierre},
	Booktitle = {2015 15th IEEE/ACM International Symposium on Cluster, Cloud and Grid Computing},
	Date-Added = {2019-05-27 17:06:36 -0400},
	Date-Modified = {2019-05-27 17:06:36 -0400},
	Organization = {IEEE},
	Pages = {251--260},
	Title = {Adding storage simulation capacities to the simgrid toolkit: Concepts, models, and api},
	Year = {2015}}

@inproceedings{casanova2008simgrid,
	Author = {Casanova, Henri and Legrand, Arnaud and Quinson, Martin},
	Booktitle = {Tenth International Conference on Computer Modeling and Simulation (uksim 2008)},
	Date-Added = {2019-05-27 17:05:00 -0400},
	Date-Modified = {2019-05-27 17:05:00 -0400},
	Organization = {IEEE},
	Pages = {126--131},
	Title = {Simgrid: A generic framework for large-scale distributed experiments},
	Year = {2008}}
